%% This BibTeX bibliography file was created using BibDesk.
%% http://bibdesk.sourceforge.net/

%% Created for Shengchen Li at 2018-02-20 00:56:00 +0800 


%% Saved with string encoding Unicode (UTF-8) 



@inproceedings{ge2008facial,
  title={Facial expression imitation in human robot interaction},
  author={Ge, Shuzhi Sam and Wang, Chen and Hang, Chang Chieh},
  booktitle={RO-MAN 2008-The 17th IEEE International Symposium on Robot and Human Interactive Communication},
  pages={213--218},
  year={2008},
  organization={IEEE}
}

@inproceedings{kim2009stable,
  title={Stable whole-body motion generation for humanoid robots to imitate human motions},
  author={Kim, Seungsu and Kim, ChangHwan and You, Bumjae and Oh, Sangrok},
  booktitle={2009 IEEE/RSJ International Conference on Intelligent Robots and Systems},
  pages={2518--2524},
  year={2009},
  organization={IEEE}
}

@inproceedings{nakaoka2003generating,
  title={Generating whole body motions for a biped humanoid robot from captured human dances},
  author={Nakaoka, Shinichiro and Nakazawa, Atsushi and Yokoi, Kazuhito and Hirukawa, Hirohisa and Ikeuchi, Katsushi},
  booktitle={2003 IEEE International Conference on Robotics and Automation (Cat. No. 03CH37422)},
  volume={3},
  pages={3905--3910},
  year={2003},
  organization={IEEE}
}

@inproceedings{koenemann2014real,
  title={Real-time imitation of human whole-body motions by humanoids},
  author={Koenemann, Jonas and Burget, Felix and Bennewitz, Maren},
  booktitle={2014 IEEE International Conference on Robotics and Automation (ICRA)},
  pages={2806--2812},
  year={2014},
  organization={IEEE}
}

@article{zhang2018real,
  title={Real-Time Whole-Body Imitation by Humanoid Robots and Task-Oriented Teleoperation Using an Analytical Mapping Method and Quantitative Evaluation},
  author={Zhang, Zhijun and Niu, Yaru and Yan, Ziyi and Lin, Shuyang},
  journal={Applied Sciences},
  volume={8},
  number={10},
  pages={2005},
  year={2018},
  publisher={Multidisciplinary Digital Publishing Institute}
}

@article{lei2015whole,
  title={Whole-body humanoid robot imitation with pose similarity evaluation},
  author={Lei, Jie and Song, Mingli and Li, Ze-Nian and Chen, Chun},
  journal={Signal Processing},
  volume={108},
  pages={136--146},
  year={2015},
  publisher={Elsevier}
}
@article{zhangreal,
  title={A Real-Time Upper-Body Robot Imitation System},
  author={Zhang, Zhijun and Niu, Yaru and Kong, Lingdong and Lin, Shuyang and Wang, Hao}
}

@article{geppert2004qrio,
  title={Qrio, the robot that could},
  author={Geppert, Linda},
  journal={Ieee Spectrum},
  volume={41},
  number={5},
  pages={34--37},
  year={2004}
}

@inproceedings{nakaoka2005task,
  title={Task model of lower body motion for a biped humanoid robot to imitate human dances},
  author={Nakaoka, Shinichiro and Nakazawa, Atsushi and Kanehiro, Fumio and Kaneko, Kenji and Morisawa, Mitsuharu and Ikeuchi, Katsushi},
  booktitle={2005 IEEE/RSJ International Conference on Intelligent Robots and Systems},
  pages={3157--3162},
  year={2005},
  organization={IEEE}
}

@inproceedings{crick2006synchronization,
  title={Synchronization in social tasks: Robotic drumming},
  author={Crick, Christopher and Munz, Matthew and Scassellati, Brian},
  booktitle={ROMAN 2006-The 15th IEEE International Symposium on Robot and Human Interactive Communication},
  pages={97--102},
  year={2006},
  organization={IEEE}
}

@article{bock2016robod,
  title={Robod: a real-time online beat and offbeat drummer},
  author={Bock, S and Krebs, Florian and Durand, Amaury and Poll, S and Balsyte, Raminta},
  year={2016}
}

@inproceedings{murata2008robot,
  title={A robot uses its own microphone to synchronize its steps to musical beats while scatting and singing},
  author={Murata, Kazumasa and Nakadai, Kazuhiro and Yoshii, Kazuyoshi and Takeda, Ryu and Torii, Toyotaka and Okuno, Hiroshi G and Hasegawa, Yuji and Tsujino, Hiroshi},
  booktitle={2008 IEEE/RSJ International Conference on Intelligent Robots and Systems},
  pages={2459--2464},
  year={2008},
  organization={IEEE}
}

@inproceedings{schollig2010synchronizing,
  title={Synchronizing the motion of a quadrocopter to music},
  author={Sch{\"o}llig, Angela and Augugliaro, Federico and Lupashin, Sergei and D'Andrea, Raffaello},
  booktitle={2010 IEEE International Conference on Robotics and Automation},
  pages={3355--3360},
  year={2010},
  organization={IEEE}
}

@inproceedings{bi2018real,
  title={Real-Time Dance Generation to Music for a Legged Robot},
  author={Bi, Thomas and Fankhauser, P{\'e}ter and Bellicoso, Dario and Hutter, Marco},
  booktitle={2018 IEEE/RSJ International Conference on Intelligent Robots and Systems (IROS)},
  pages={1038--1044},
  year={2018},
  organization={IEEE}
}

@inproceedings{hutter2016anymal,
  title={Anymal-a highly mobile and dynamic quadrupedal robot},
  author={Hutter, Marco and Gehring, Christian and Jud, Dominic and Lauber, Andreas and Bellicoso, C Dario and Tsounis, Vassilios and Hwangbo, Jemin and Bodie, Karen and Fankhauser, Peter and Bloesch, Michael and others},
  booktitle={2016 IEEE/RSJ International Conference on Intelligent Robots and Systems (IROS)},
  pages={38--44},
  year={2016},
  organization={IEEE}
}

@article{redmon2018yolov3,
  title={Yolov3: An incremental improvement},
  author={Redmon, Joseph and Farhadi, Ali},
  journal={arXiv preprint arXiv:1804.02767},
  year={2018}
}

@inproceedings{moon2019camera,
  title={Camera Distance-aware Top-down Approach for 3D Multi-person Pose Estimation from a Single RGB Image},
  author={Moon, Gyeongsik and Chang, Ju Yong and Lee, Kyoung Mu},
  booktitle={Proceedings of the IEEE International Conference on Computer Vision},
  pages={10133--10142},
  year={2019}
}

@inproceedings{bock2014multi,
  title={A Multi-model Approach to Beat Tracking Considering Heterogeneous Music Styles.},
  author={B{\"o}ck, Sebastian and Krebs, Florian and Widmer, Gerhard},
  booktitle={ISMIR},
  pages={603--608},
  year={2014}
}

@inproceedings{bock2016madmom,
  title={Madmom: A new python audio and music signal processing library},
  author={B{\"o}ck, Sebastian and Korzeniowski, Filip and Schl{\"u}ter, Jan and Krebs, Florian and Widmer, Gerhard},
  booktitle={Proceedings of the 24th ACM international conference on Multimedia},
  pages={1174--1178},
  year={2016},
  organization={ACM}
}
@article{rohmercoppeliasim,
  title={CoppeliaSim (formerly V-REP): a Versatile and Scalable Robot Simulation Framework},
  author={Rohmer, Eric and Singh, Surya PN and Freese, Marc}
}
@inproceedings{rohmer2013v,
  title={V-REP: A versatile and scalable robot simulation framework},
  author={Rohmer, Eric and Singh, Surya PN and Freese, Marc},
  booktitle={2013 IEEE/RSJ International Conference on Intelligent Robots and Systems},
  pages={1321--1326},
  year={2013},
  organization={IEEE}
}